@misc{Goto,
  author={後藤隼弐},
  title={OJLによるトレースログ可視化ツールの開発},
  journal={名古屋大学 修士論文},
  year={2009},
}

@misc{Goto2,
  author={後藤隼弐 and 本田晋也 and 長尾卓哉 and 高田広章},
  title={トレースログ可視化ツールの開発},
  journal={情報処理学会　第139回　システムLSI設計偽打つ(SLDM)研究会},
  year={2009},

}

@misc{mizuno,
  author={水野洋樹},
  title={トレースログ可視化ツール(TLV)に対する機能追加とリファクタリング},
  journal={名古屋大学　OJL報告書},
  year={2010},
}

@misc{yanagi,
  author={柳澤大祐},
  title={トレースログ可視化ツール(TLV)に対するアプリログ機能追加とプロファイリング},
  journal={名古屋大学 OJL報告書},
  year={2010},
}